@Article{Intenret-Stat,
	title = {World Internet Usage and population statistics available at},
	journal = {http://www.internetworldstats.com/stats.htm (accessed in Sun, 03 Nov 2013 07:54:17 GMT)}
}

@Article{Web-Crawling,
	author = {Sandeep Sharma},
	title = {Web-Crawling Approaches in Search Engines},
	journal = {Thapar University, Patiala},
	year = {2008},
	pages = {9--20}
}

@Article{User-Action,
	author = {Arvind Arasu, Junghoo Cho, Andreas Paepcke},
	title = {Searching the Web},
	journal = {Computer Science Department, Stanford University},
}

@book{Nutch-java,
	author = {Konchady},
	title = {Building Search Applications: Lucene, LingPipe, and Gate},
	publisher = {Mustru Publishing},
	year = {2008},
	pages = {321--336}
}

@book{Lucene-info,
	author = {O. Gospodnetic and E. Hatcher},
	title = {Lucene In Action},
	publisher = {Greenwich: Manning Publications Co.},
	year = {2005}
}

@Article{Eclipse-plugin,
	author = {A. Bolour},
	title = {Notes on the Eclipse Plug-in Architecture},
	journal = {http://www.eclipse.org/articles/Article-Plug-in-architecture/plugin\_architecture.html (accessed in Sun, 03 Nov 2013 07:54:17 GMT)},
	yaer = {2003}
}

@Article{Search-in-cloud,
	title = {Search In The Cloud},
	journal = {www.ektron.com/Blogs/Udaiappa-Ramachandran/Search-In-The-Cloud/ (accessed in Sat, 02 Nov 2013 07:35:48 GMT)}
}

@Article{Googlebot,
	title = {Web crawlers. Googlebot},
	journal = {http://www.milkaddict.com/web-crawlers-googlebot/ (accessed in Sat, 02 Nov 2013 07:42:27 GMT)}
}

@Article{Text-search,
	title = {Realtime full-text search},
	journal = {http://blog.andreamostosi.name/tag/solr/ (accessed in Sat, 02 Nov 2013 07:48:26 GMT)}
}

@Article{Factory-method,
	title = {What is the factory method pattern},
	journal = {http://blog.fossmo.net/post/What-is-the-factory-method-pattern.aspx (accessed in Sat, 02 Nov 2013 07:52:18 GMT)}
}