
@Article{LP-poly,
	author = {N. Karmarkar},
	title = {A new polynomial-time algorithm for linear programming},
	journal = {Combinatorica},
	year = {1984},
	volume = {4},
	pages = {373--395},
	annote = {Narendra Karmarkar's seminal paper on a polynomial-time interior point algorithm for linear programming.
}

@incollection{Karp,
	author = "Richard M. Karp",
	title = "Reducibility among combinatorial problems",
	booktitle = "Complexity of Computer Computations",
	editor  = "R. E. Miller and J. W. Thatcher",
	publisher = "Plenum Press",
	pages = "85-103",
	year = 1972
}

@inproceedings{BoundaryRec,
	author = {Kong, Hui and Ma, Qiang and Yan, Tan and Wong, Martin D. F.},
	title = {An optimal algorithm for finding disjoint rectangles and its application to {PCB} routing},
	booktitle = P47 # DAC, 
	series = {DAC~'10},
	year = {2010},
	pages = {212--217},
}

@book{WS11,
 	title = {The design of approximation algorithms},
 	author = {Williamson, D. P. and Shmoys, D. B.},
	year = {2011},
	publisher = {Cambridge University Press}
}

